@article{waitelonis,
	title = {Linked {Data} {Supported} {Information} {Retrieval}},
	url = {https://publikationen.bibliothek.kit.edu/1000084458},
	doi = {10.5445/IR/1000084458},
	language = {en},
	urldate = {2022-02-21},
	author = {Waitelonis, J{\"o}rg},
	year = {2018}
}
